<record><leader>00000cas a22000007a 4500</leader><controlfield tag="001">14072481</controlfield><controlfield tag="008">860811d19281959txuwr ne      0    0eng d</controlfield><datafield ind1=" " ind2=" " tag="010"><subfield code="a">sn 86088395 </subfield></datafield><datafield ind1=" " ind2=" " tag="040"><subfield code="a">PPM</subfield><subfield code="b">eng</subfield><subfield code="c">PPM</subfield><subfield code="d">OCLCQ</subfield></datafield><datafield ind1=" " ind2=" " tag="042"><subfield code="a">msc</subfield></datafield><datafield ind1="0" ind2="4" tag="245"><subfield code="a">The Caldwell news and the Burleson County ledger.</subfield></datafield><datafield ind1="1" ind2="7" tag="246"><subfield code="a">Caldwell news</subfield></datafield><datafield ind1=" " ind2=" " tag="260"><subfield code="a">Caldwell, Tex. :</subfield><subfield code="b">C.E. Cromartie,</subfield><subfield code="c">1928-</subfield></datafield><datafield ind1=" " ind2=" " tag="300"><subfield code="a">v. :</subfield><subfield code="b">ill.</subfield></datafield><datafield ind1=" " ind2=" " tag="310"><subfield code="a">Weekly</subfield></datafield><datafield ind1="0" ind2=" " tag="362"><subfield code="a">Vol. 1, no. 1 (Jan. 6, 1928)-</subfield></datafield><datafield ind1="1" ind2=" " tag="362"><subfield code="a">Ceased in 1959?</subfield></datafield><datafield ind1=" " ind2=" " tag="752"><subfield code="a">United States</subfield><subfield code="b">Texas</subfield><subfield code="c">Burleson</subfield><subfield code="d">Caldwell.</subfield></datafield><datafield ind1="0" ind2="0" tag="780"><subfield code="t">Burleson County ledger and news-chronicle</subfield><subfield code="w">(DLC)sn 86088402</subfield></datafield><datafield ind1="0" ind2="7" tag="785"><subfield code="t">Burleson County Citizen</subfield><subfield code="w">(DLC)sn 88083671</subfield></datafield><datafield ind1="0" ind2="7" tag="785"><subfield code="t">Burleson County Citizen and the Caldwell news</subfield><subfield code="w">(DLC)sn 86088384</subfield></datafield><datafield ind1="1" ind2=" " tag="029"><subfield code="a">AU@</subfield><subfield code="b">000020434829</subfield></datafield></record>